@article{Konak2006,
	author = {Konak, A. and Coit, D. W. and Smith, A. E.},
	doi = {10.1016/j.ress.2005.11.018},
	issn = {09518320},
	journal = {Reliability Engineering \& System Safety},
	month = sep,
	number = {9},
	pages = {992--1007},
	title = {{Multi-objective optimization using genetic algorithms: A tutorial}},
	volume = {91},
	year = {2006}
}

@inproceedings{Sailer2013,
	title={Optimizing the task allocation step for multi-core processors within AUTOSAR},
	author={Sailer, A. and Schmidhuber, S. and Deubzer, M. and Alfranseder, M. and Mucha, M. and Mottok, J.},
	booktitle={Applied Electronics (AE), 2013 International Conference on},
	pages={1--6},
	year={2013},
	organization={IEEE}
}

@inproceedings{01_MW-Paper,
	author = {Kienberger, J. and Minnerup, P. and Kuntz, S. and Bauer, B.},
	title = {{Analysis and Validation of AUTOSAR Models}},
	booktitle = {Proceedings of the 2nd International Conference on Model-Driven Engineering and Software Development},
	year = {2014},
	date = {09.01.2014},
	eventtitle = {MODELSWARD 2014},
	eventdate = {7th to 9th January, 2014},
	venue = {Lisbon, Portugal}
}